% This file was created with JabRef 2.9.2.
% Encoding: UTF8

@MISC{regular_expression,
  author = {Wikipedia},
  title = {Ruglar Expression},
  year = {1950s},
  owner = {guoyu},
  timestamp = {2013.12.09},
  url = {http://en.wikipedia.org/wiki/Regular_expression}
}

